% This happens to be the bibliography from the thesis of Cole Meisenhelder, '15

% To actually cite articles in your document you will use the \cite{}; the first item in each of the entries below is the identifier used to call these articles, i.e. \cite{Meisenhelder}

% Citation information can be obtained from NASA ADS. After you click on the abstract, select Export Citation, and use the BibTex format.

%% Saved with string encoding Unicode (UTF-8)
@article{Meisenhelder,
	Author={Meisenhelder, C. M.},
	Journal={Unpublished},
	Year={2015}}


@online{KimballPhys,
	Organization={Kimball Physics Inc.},
	Title={Kimball {P}hysics},
	url={http://www.kimballphysics.com},
	Year={2015}}

@online{MDC,
	Organization={MDC Vacuum Products, LLC},
	Title={M{D}{C} {V}acuum {P}roducts},
	url={http://www.mdcvacuum.com/MDCMain.aspx},
	Year={2014}}

@online{AccuGlass,
	Organization={Accu-Glass Products, Inc.},
	Title={{A}ccu-{G}lass {P}roducts, {I}nc.},
	url={http://accuglassproducts.com/home.php},
	Year={2015}}

@online{LDS,
	Organization={L{D}{S} Vacuum Products},
	Title={L{D}{S} {V}acuum {S}hopper},
	url={http://www.ldsvacuum.com/},
	Year={2015}}

@online{Lesker,
	Organization={Kurt J. Lesker Company},
	Title={Kurt {J}. {L}esker {C}ompany},
	url={http://www.lesker.com/newweb/index.cfm},
	Year={2015}}

@online{Rolera,
	Organization={QImaging},
	Title={Rolera {T}hunder {C}{C}{D} {C}amera},
	url={http://www.qimaging.com/products/cameras/scientific/rolera-thunder.php},
	Year={2015}}

@article{Macalpine,
	Author={Macalpine, W. W. and Schildknecht, R. O.},
	Title={Coaxial Resonators with Helical Inner Conductor},
	Year={1959},
	Journal={Proc. IRE},
	Volume={47},
	Pages={2099}}

@article{Doret,
	Author={Doret, S. C.},
	Title={Transfer Caity/Stabilize HeNe based Laer Frequency Stabilization},
	Year={2011},
	Journal={Unpublished}}

@book{Metcalf,
	Author={Metcalf, H. J. and van der Straten, P.},
	Title={Laser Cooling and Trapping},
	Year={1999},
	Publisher={Springer},
	Address={New York}}

@article{DoretNJP,
	Author={Doret, S. C. and Amini, J. M. and Wright, K. and Volin, C. and Killian, T. and Ozakin, A. and Denison, D. and Hayden, H. and Pai, C-S and Slusher, E.},
	Journal={New Journal of Physics},
	Pages={073012},
	Title={Controlling trapping potentials and stray electric fields in a microfabricated ion trap through design and compensation},
	Volume={14},
	Year={2012}}

@article{DoretUnpublished,
	Author={Doret, S. C.},
	Journal={Unpublished},
	Year={2011}}

@article{Amini,
	Author={Amini, J.},
	Journal={Unpublished},
	Institution={GTRI},
	Year={2011}}

@article{Turchette,
	Author = {Turchette, Q. A. and Kielpisnki, D. and King, B. E. and Leibfried, D. and Meekhoff, D. M. and Myatt, C. J. and Rowe, M. A. and Sacket, C. A. and Wood, C. S. and Itano, W. M. and Monroe, C. and Wineland, D. J.},
	Journal = {Phys. Rev. A},
	Pages = {063418},
	Title = {Heating of trapped ions from the quantum ground state},
	Volume = {61},
	Year = {2000}}

@online{Kimball,
	Organization={Kimball Physics Inc.},
	Title={4.50" Spherical Octagon (tapped holes) - Vacuum Chamber},
	url={http://www.kimballphysics.com/mcf450-sphoct-e2a8},
	Year={2015}}

@online{NEXTorr,
	Organization={SAES Group},
	Title={NEXTorr Pumps},
	url={http://www.saesgetters.com/products/nextorr-pumps},
	year={2015}}

@article{Arnold,
	Author = {Arnold, A. S. and Wilson, J. S. and Boshier, M.G.},
	Journal = {Rev. Sci. Instrum.},
	Pages = {1236},
	Title = {A simple extended-cavity diode laser},
	Volume = {69},
	Year = {1997}}

@article{Hawthorn,
	Author = {Hawthorn, C. J. and Weber, K. P. and Scholten, R. E.},
	Journal = {Rev. Sci. Instrum.},
	Pages = {4477},
	Title = {Littrow configuration tunable external cavity diode laser with fixed direction output beam},
	Volume = {72},
	Year = {2001}}

@article{Kleppner,
	Author = {Kleppner, Daniel},
	Journal = {Rev. Mod. Phys.},
	Pages = {78},
	Title = {A short history of atomic physics in the twentieth century},
	Volume = {71},
	Year = {1999}}

@article{Feynman,
	Author = {Feynman, Richard P.},
	Journal = {International Journal of Theoretical Physics},
	Pages = {467},
	Title = {Simulating physics with computers},
	Volume = {21},
	Year = {1982}}

@article{Haffner,
	Author = {H\"{a}finer, H. and Roos, C. S. and Blatt, R.},
	Journal = {Physics Reports},
	Pages = {155-203},
	Title = {Quantum computing with trapped ions},
	Volume = {469},
	Year = {2008}}

@article{Buluta,
	Author = {Buluta, Iulia and Nori, Franco},
	Journal = {Science},
	Pages = {108},
	Title = {Quantum simulators},
	Volume = {326},
	Year = {2009}}

@article{Blatt,
	Author = {Blatt, R. and H\"{a}finer, H. and Roos, C. F. and Becher, C. and Schmidt-Kaler, F.},
	Journal = {Quantum Information Processing},
	Pages = {61},
	Title = {Ion trap quantum computing with {C}a$^+$ ions},
	Volume = {3},
	Year = {2004}}

@article{Bermudez,
	Author = {Bermudez, A. and Bruderer, M. and Plenio, M. B.},
	Journal = {Phys. Rev. Lett.},
	Pages = {04091},
	Title = {Controlling and measuring quantum transport of heat in trapped-ion crystals},
	Volume = {111},
	Year = {2013}}

@article{Cahill,
	Author = {Cahil, David G. and Ford, Wayne L. and Goodson, Kenneth E. and Mahan, Gerald D. and Majumdar, Arun and Maris, Humphrey J. and Merlin, Roberto and Phillpot, Simon R.},
	Journal = {Journal of Applied Physics},
	Pages = {793},
	Title = {Nanoscale thermal transport},
	Volume = {93},
	Year = {2003}}

@article{Wubbena,
	Author = {W\"{u}bbena, Jannes B. and Amairi, Sana and Mandel, Olaf and Schmidt, Piet O.},
	Journal = {Phys. Rev. A},
	Pages = {043412},
	Title = {Sympathetic cooling of mixed-species two-ion crystals for precision spectroscopy},
	Volume = {85},
	Year = {2012}}

@book{Ghosh,
	Address = {Oxford},
	Author = {Ghosh, Pradip K.},
	Date-Modified = {2015-04-20 01:51:22 +0000},
	Publisher = {Oxford University press},
	Title = {Ion Traps},
	Year = {1995}}

@article{Chiaverini,
	Author = {Chiaverini, J. and Blakestad, R. B. and Britton, J. and Jost, J. D. and Langer, C. and Leibfried, D. and Ozeri, D and Wineland D. J.},
	Journal = {Quantum Information and Computation},
	Pages = {419},
	Title = {Surface-electrode architecture for ion-trap quantum information processing},
	Volume = {5},
	Year = {2005}}

@phdthesis{Roos,
	Author = {Roos, C. F.},
	Month = {February},
	School = {Universit\"{a}t Innsbruck},
	Title = {Controlling the quantum state of trapped ions},
	Year = {2000}}

@article{Weil,
	Author = {Weil, J. A.},
	Journal = {Concepts in Magnetic Resonance Part A},
	Pages = {134},
	Title = {The life of $\pi$ and $\sigma$- A tutorial review of the ubiquitous use of these symbols in {Z}reman and magnetic-resonance spectroscopy},
	Volume = {32},
	Year = {2008}}

@book{Griffiths,
	Address = {Upper Saddle River, NJ},
	Author = {Griffiths, D. J.},
	Date-Modified = {2015-04-21 18:22:20 +0000},
	Publisher = {Pearson Prentice Hall},
	Title = {Introduction to Quantum Mechanics (2nd Edition)},
	Year = {2004}}

@article{Erickson2,
	Author = {Erickson, Christopher J. and Van Zijill, Marshall and Doermann, Greg and Durfee, Dallin S.},
	Journal = {Rev. Sci. Instrum.},
	Pages = {073107},
	Title = {An ultrahigh stability, low-noise laser current driver with digital control},
	Volume = {79},
	Year = {2008}}

@article{Rumelhart,
	Author = {Rumelhart David E. and Hinton Geoffrey E. and Williams, Ronald J.},
	Journal = {Nature},
	Pages = {533,536},
	Title = {Learning Representations by back-propragation errors.},
	Volume = {323},
	Year = {1986}}

@article{Vaswani,
	Author = {Ashish Vaswani and Noam Shazeer and Niki Parmar and Jakob Uszkoreit and Llion Jones and Aidan N. Gómez and Lukasz Kaiser and Illia Polosukhin},
	Journal = {NIPS},
	Title = {Attention Is All You Need.},
	Year = {2017}}

@article{Schuster,
	Author = {Schuster, M. and Paliwal, K.},
	Journal = {IEEE Transactions on Signal Processing},
	Title = {Bidirectional recurrent neural networks.},
	Volume = {45(11)},
	Pages = {2673-2681},
	Year = {1997}}


@article{LSTM,
	Author = {Hochreiter, S. and Schmidhuber, J.},
	Journal = {Neural computation},
	Title = {Long short-term memory},
	Volume = {9(8)},
	Pages = {1735–1780},
	Year = {1997}}

@article{VanishinGradient,
	Author = {Hochreiter, S. and Bengio, Y. and Frasconi, P.},
	Journal = {Field Guide to Dynamical Recurrent Networks},
	Publisher = {IEEE Press},
	Title = {Gradient flow in recurrent nets: the difficulty of learning long-term dependencies},
	Year = {2001}}

@article{VanishinGradient2,
	Author = {Bengio, Y. and Simard, P. and Fraconi, P.},
	Title = {Learning long-term dependencies with gradient descent is difficult},
	Journal = {IEEE Transactions on Neural Networks},
	Publisher = {IEEE Press},
	Volume = {5(2)},
	Pages = {157-166},
	Year = {1994}}


@Book{GoodBengCour16,
  Title = {Deep Learning},
  Author = {Ian J. Goodfellow and Yoshua Bengio and Aaron Courville},
  Publisher = {MIT Press},
  Year = {2017},
  Address = {Cambridge, MA},
  Note = {\url{http://www.deeplearningbook.org}}
}

@article{GRU1,
  author    = {KyungHyun Cho and
               Bart van Merrienboer and
               Dzmitry Bahdanau and
               Yoshua Bengio},
  title     = {On the Properties of Neural Machine Translation: Encoder-Decoder Approaches},
  journal   = {CoRR},
  volume    = {abs/1409.1259},
  year      = {2014},
  url       = {http://arxiv.org/abs/1409.1259},
  archivePrefix = {arXiv},
  eprint    = {1409.1259},
  timestamp = {Mon, 13 Aug 2018 16:47:23 +0200},
  biburl    = {https://dblp.org/rec/journals/corr/ChoMBB14.bib},
  bibsource = {dblp computer science bibliography, https://dblp.org}
}

@article{GRU2,
  author    = {Junyoung Chung and
               {\c{C}}aglar G{\"{u}}l{\c{c}}ehre and
               KyungHyun Cho and
               Yoshua Bengio},
  title     = {Empirical Evaluation of Gated Recurrent Neural Networks on Sequence
               Modeling},
  journal   = {CoRR},
  volume    = {abs/1412.3555},
  year      = {2014},
  url       = {http://arxiv.org/abs/1412.3555},
  archivePrefix = {arXiv},
  eprint    = {1412.3555},
  timestamp = {Mon, 13 Aug 2018 16:47:38 +0200},
  biburl    = {https://dblp.org/rec/journals/corr/ChungGCB14.bib},
  bibsource = {dblp computer science bibliography, https://dblp.org}
}

@misc{bahdanau2016neural,
      title={Neural Machine Translation by Jointly Learning to Align and Translate},
      author={Dzmitry Bahdanau and Kyunghyun Cho and Yoshua Bengio},
      year={2016},
      eprint={1409.0473},
      archivePrefix={arXiv},
      primaryClass={cs.CL}
}


@article{DBLP:journals/corr/GravesWD14,
  author    = {Alex Graves and
               Greg Wayne and
               Ivo Danihelka},
  title     = {Neural Turing Machines},
  journal   = {CoRR},
  volume    = {abs/1410.5401},
  year      = {2014},
  url       = {http://arxiv.org/abs/1410.5401},
  archivePrefix = {arXiv},
  eprint    = {1410.5401},
  timestamp = {Mon, 13 Aug 2018 16:46:28 +0200},
  biburl    = {https://dblp.org/rec/journals/corr/GravesWD14.bib},
  bibsource = {dblp computer science bibliography, https://dblp.org}
}

@article{DBLP:journals/corr/LuongPM15,
  author    = {Minh{-}Thang Luong and
               Hieu Pham and
               Christopher D. Manning},
  title     = {Effective Approaches to Attention-based Neural Machine Translation},
  journal   = {CoRR},
  volume    = {abs/1508.04025},
  year      = {2015},
  url       = {http://arxiv.org/abs/1508.04025},
  archivePrefix = {arXiv},
  eprint    = {1508.04025},
  timestamp = {Mon, 13 Aug 2018 16:46:14 +0200},
  biburl    = {https://dblp.org/rec/journals/corr/LuongPM15.bib},
  bibsource = {dblp computer science bibliography, https://dblp.org}
}

@article{DBLP:journals/corr/VaswaniSPUJGKP17,
  author    = {Ashish Vaswani and
               Noam Shazeer and
               Niki Parmar and
               Jakob Uszkoreit and
               Llion Jones and
               Aidan N. Gomez and
               Lukasz Kaiser and
               Illia Polosukhin},
  title     = {Attention Is All You Need},
  journal   = {CoRR},
  volume    = {abs/1706.03762},
  year      = {2017},
  url       = {http://arxiv.org/abs/1706.03762},
  archivePrefix = {arXiv},
  eprint    = {1706.03762},
  timestamp = {Sat, 23 Jan 2021 01:20:40 +0100},
  biburl    = {https://dblp.org/rec/journals/corr/VaswaniSPUJGKP17.bib},
  bibsource = {dblp computer science bibliography, https://dblp.org}
}

@article{weng2018attention,
  title   = "Attention? Attention!",
  author  = "Weng, Lilian",
  journal = "lilianweng.github.io/lil-log",
  year    = "2018",
  url     = "http://lilianweng.github.io/lil-log/2018/06/24/attention-attention.html"
}

@InProceedings{pmlr-v28-pascanu13,
	title = {On the difficulty of training recurrent neural networks},
	author = {Razvan Pascanu and Tomas Mikolov and Yoshua Bengio},
	booktitle = {Proceedings of the 30th International Conference on Machine Learning},
	pages = {1310--1318},
	year = {2013},
	editor = {Sanjoy Dasgupta and David McAllester},
	volume = {28(3)},
	series = {Proceedings of Machine Learning Research},
	address = {Atlanta, Georgia, USA}, month = {17--19 Jun}
}
